{
  "leader": "02783cam a2200577 a 4500",
  "fields": [
    {
      "001": "ocm20690313\\"
    },
    {
      "003": "OCoLC"
    },
    {
      "005": "20220701130911.0"
    },
    {
      "008": "891102s1990\\\\\\\\enka\\\\\\\\\\b\\\\\\\\001\\0\\eng\\\\"
    },
    {
      "010": {
        "ind1": "\\",
        "ind2": "\\",
        "subfields": [
          {
            "a": "   89048317 "
          }
        ]
      }
    },
    {
      "040": {
        "ind1": "\\",
        "ind2": "\\",
        "subfields": [
          {
            "a": "DLC"
          },
          {
            "b": "eng"
          },
          {
            "c": "DLC"
          },
          {
            "d": "NLGGC"
          },
          {
            "d": "BAKER"
          },
          {
            "d": "BTCTA"
          },
          {
            "d": "YDXCP"
          },
          {
            "d": "OCLCG"
          },
          {
            "d": "OCLCA"
          },
          {
            "d": "UKM"
          },
          {
            "d": "OCLCG"
          },
          {
            "d": "GEBAY"
          },
          {
            "d": "OCLCQ"
          },
          {
            "d": "ZWZ"
          },
          {
            "d": "DEBBG"
          },
          {
            "d": "BDX"
          },
          {
            "d": "GBVCP"
          },
          {
            "d": "OCLCO"
          },
          {
            "d": "OCLCA"
          },
          {
            "d": "OCLCF"
          },
          {
            "d": "OCLCO"
          },
          {
            "d": "OCLCQ"
          },
          {
            "d": "EUW"
          },
          {
            "d": "OCLCQ"
          },
          {
            "d": "OCLCA"
          },
          {
            "d": "OCLCQ"
          },
          {
            "d": "CSJ"
          },
          {
            "d": "OCLCO"
          },
          {
            "d": "OCLCQ"
          },
          {
            "d": "OCLCO"
          },
          {
            "d": "OCLCA"
          },
          {
            "d": "UKOBU"
          },
          {
            "d": "OCLCO"
          },
          {
            "d": "OCLCA"
          },
          {
            "d": "UKMGB"
          },
          {
            "d": "LUN"
          },
          {
            "d": "IL4J6"
          },
          {
            "d": "OCLCO"
          }
        ]
      }
    },
    {
      "016": {
        "ind1": "7",
        "ind2": "\\",
        "subfields": [
          {
            "a": "008758217"
          },
          {
            "2": "Uk"
          }
        ]
      }
    },
    {
      "019": {
        "ind1": "\\",
        "ind2": "\\",
        "subfields": [
          {
            "a": "20997659"
          },
          {
            "a": "1167007587"
          },
          {
            "a": "1191414797"
          }
        ]
      }
    },
    {
      "020": {
        "ind1": "\\",
        "ind2": "\\",
        "subfields": [
          {
            "a": "0521353661"
          }
        ]
      }
    },
    {
      "020": {
        "ind1": "\\",
        "ind2": "\\",
        "subfields": [
          {
            "a": "9780521353663"
          }
        ]
      }
    },
    {
      "035": {
        "ind1": "\\",
        "ind2": "\\",
        "subfields": [
          {
            "a": "(OCoLC)20690313"
          },
          {
            "z": "(OCoLC)20997659"
          },
          {
            "z": "(OCoLC)1167007587"
          },
          {
            "z": "(OCoLC)1191414797"
          }
        ]
      }
    },
    {
      "043": {
        "ind1": "\\",
        "ind2": "\\",
        "subfields": [
          {
            "a": "e-dk---"
          }
        ]
      }
    },
    {
      "050": {
        "ind1": "0",
        "ind2": "0",
        "subfields": [
          {
            "a": "QC789.2.D4"
          },
          {
            "b": "A27 1990"
          }
        ]
      }
    },
    {
      "080": {
        "ind1": "\\",
        "ind2": "\\",
        "subfields": [
          {
            "a": "539.1"
          }
        ]
      }
    },
    {
      "082": {
        "ind1": "0",
        "ind2": "0",
        "subfields": [
          {
            "a": "539.70720489"
          },
          {
            "b": "AAS"
          }
        ]
      }
    },
    {
      "083": {
        "ind1": "0",
        "ind2": "\\",
        "subfields": [
          {
            "a": "Nuclear physics"
          }
        ]
      }
    },
    {
      "100": {
        "ind1": "1",
        "ind2": "\\",
        "subfields": [
          {
            "a": "Aaserud, Finn."
          }
        ]
      }
    },
    {
      "245": {
        "ind1": "1",
        "ind2": "0",
        "subfields": [
          {
            "a": "Redirecting science :"
          },
          {
            "b": "Niels Bohr, philanthropy, and the rise of nuclear physics /"
          },
          {
            "c": "Finn Aaserud."
          }
        ]
      }
    },
    {
      "260": {
        "ind1": "\\",
        "ind2": "\\",
        "subfields": [
          {
            "a": "Cambridge ;"
          },
          {
            "a": "New York :"
          },
          {
            "b": "Cambridge University Press,"
          },
          {
            "c": "1990."
          }
        ]
      }
    },
    {
      "300": {
        "ind1": "\\",
        "ind2": "\\",
        "subfields": [
          {
            "a": "xiii, 356 pages :"
          },
          {
            "b": "illustrations ;"
          },
          {
            "c": "24 cm"
          }
        ]
      }
    },
    {
      "336": {
        "ind1": "\\",
        "ind2": "\\",
        "subfields": [
          {
            "a": "text"
          },
          {
            "b": "txt"
          },
          {
            "2": "rdacontent"
          }
        ]
      }
    },
    {
      "337": {
        "ind1": "\\",
        "ind2": "\\",
        "subfields": [
          {
            "a": "unmediated"
          },
          {
            "b": "n"
          },
          {
            "2": "rdamedia"
          }
        ]
      }
    },
    {
      "338": {
        "ind1": "\\",
        "ind2": "\\",
        "subfields": [
          {
            "a": "volume"
          },
          {
            "b": "nc"
          },
          {
            "2": "rdacarrier"
          }
        ]
      }
    },
    {
      "504": {
        "ind1": "\\",
        "ind2": "\\",
        "subfields": [
          {
            "a": "Includes bibliographical references (pages 280-338) and index."
          }
        ]
      }
    },
    {
      "540": {
        "ind1": "\\",
        "ind2": "\\",
        "subfields": [
          {
            "a": "Current Copyright Fee: GBP25.00"
          },
          {
            "c": "0."
          },
          {
            "5": "Uk"
          }
        ]
      }
    },
    {
      "600": {
        "ind1": "1",
        "ind2": "0",
        "subfields": [
          {
            "a": "Bohr, Niels,"
          },
          {
            "d": "1885-1962."
          }
        ]
      }
    },
    {
      "650": {
        "ind1": "\\",
        "ind2": "0",
        "subfields": [
          {
            "a": "Nuclear physics"
          },
          {
            "x": "Research"
          },
          {
            "z": "Denmark"
          },
          {
            "x": "History."
          }
        ]
      }
    },
    {
      "650": {
        "ind1": "\\",
        "ind2": "0",
        "subfields": [
          {
            "a": "Science and state"
          },
          {
            "z": "Denmark"
          },
          {
            "x": "History."
          }
        ]
      }
    },
    {
      "650": {
        "ind1": "\\",
        "ind2": "0",
        "subfields": [
          {
            "a": "Research"
          },
          {
            "z": "Denmark"
          },
          {
            "x": "Finance"
          },
          {
            "x": "History."
          }
        ]
      }
    },
    {
      "650": {
        "ind1": "\\",
        "ind2": "2",
        "subfields": [
          {
            "a": "Nuclear Physics"
          },
          {
            "x": "history"
          }
        ]
      }
    },
    {
      "650": {
        "ind1": "\\",
        "ind2": "2",
        "subfields": [
          {
            "a": "Research"
          },
          {
            "x": "history"
          }
        ]
      }
    },
    {
      "650": {
        "ind1": "\\",
        "ind2": "2",
        "subfields": [
          {
            "a": "Public Policy"
          },
          {
            "x": "history"
          }
        ]
      }
    },
    {
      "600": {
        "ind1": "1",
        "ind2": "7",
        "subfields": [
          {
            "a": "Bohr, Niels,"
          },
          {
            "d": "1885-1962"
          },
          {
            "2": "fast"
          },
          {
            "0": "(OCoLC)fst01716682"
          }
        ]
      }
    },
    {
      "650": {
        "ind1": "\\",
        "ind2": "7",
        "subfields": [
          {
            "a": "Nuclear physics"
          },
          {
            "x": "Research."
          },
          {
            "2": "fast"
          },
          {
            "0": "(OCoLC)fst01040411"
          }
        ]
      }
    },
    {
      "650": {
        "ind1": "\\",
        "ind2": "7",
        "subfields": [
          {
            "a": "Research"
          },
          {
            "x": "Finance."
          },
          {
            "2": "fast"
          },
          {
            "0": "(OCoLC)fst01095192"
          }
        ]
      }
    },
    {
      "650": {
        "ind1": "\\",
        "ind2": "7",
        "subfields": [
          {
            "a": "Science and state."
          },
          {
            "2": "fast"
          },
          {
            "0": "(OCoLC)fst01108536"
          }
        ]
      }
    },
    {
      "651": {
        "ind1": "\\",
        "ind2": "7",
        "subfields": [
          {
            "a": "Denmark."
          },
          {
            "2": "fast"
          },
          {
            "0": "(OCoLC)fst01204558"
          }
        ]
      }
    },
    {
      "655": {
        "ind1": "\\",
        "ind2": "7",
        "subfields": [
          {
            "a": "History."
          },
          {
            "2": "fast"
          },
          {
            "0": "(OCoLC)fst01411628"
          }
        ]
      }
    },
    {
      "856": {
        "ind1": "4",
        "ind2": "1",
        "subfields": [
          {
            "3": "Table of contents"
          },
          {
            "u": "http://catdir.loc.gov/catdir/toc/cam028/89048317.html"
          }
        ]
      }
    },
    {
      "856": {
        "ind1": "4",
        "ind2": "1",
        "subfields": [
          {
            "3": "Table of contents"
          },
          {
            "u": "http://bvbr.bib-bvb.de:8991/F?func=service&doc_library=BVB01&doc_number=002612469&line_number=0001&func_code=DB_RECORDS&service_type=MEDIA"
          }
        ]
      }
    },
    {
      "856": {
        "ind1": "4",
        "ind2": "1",
        "subfields": [
          {
            "3": "Table of contents"
          },
          {
            "u": "http://www.gbv.de/dms/bowker/toc/9780521353663.pdf"
          }
        ]
      }
    },
    {
      "856": {
        "ind1": "4",
        "ind2": "1",
        "subfields": [
          {
            "3": "Table of contents"
          },
          {
            "u": "http://bvbr.bib-bvb.de:8991/F?func=service&doc_library=BVB01&local_base=BVB01&doc_number=002612469&line_number=0001&func_code=DB_RECORDS&service_type=MEDIA"
          }
        ]
      }
    },
    {
      "856": {
        "ind1": "4",
        "ind2": "2",
        "subfields": [
          {
            "3": "Publisher description"
          },
          {
            "u": "http://catdir.loc.gov/catdir/description/cam024/89048317.html"
          }
        ]
      }
    },
    {
      "994": {
        "ind1": "\\",
        "ind2": "\\",
        "subfields": [
          {
            "a": "Z0"
          },
          {
            "b": "NYRVC"
          }
        ]
      }
    },
    {
      "948": {
        "ind1": "\\",
        "ind2": "\\",
        "subfields": [
          {
            "h": "NO HOLDINGS IN NYRVC - 360 OTHER HOLDINGS"
          }
        ]
      }
    },
    {
      "999": {
        "ind1": "\\",
        "ind2": "\\",
        "subfields": [
          {
            "a": "00000000019565"
          }
        ]
      }
    }
  ]
}